@article{gas_turbine,
  title={Anomaly Detection in Gas Turbine Fuel Systems Using a Sequential Symbolic Method},
  author={Li, Fei and Wang, Hongzhi and Zhou, Guowen and Yu, Daren and Li, Jiangzhong and Gao, Hong},
  journal={Energies},
  volume={10},
  number={5},
  pages={724},
  year={2017},
  publisher={Multidisciplinary Digital Publishing Institute}
}

@article{PCM,
  title={Least squares quantization in PCM},
  author={Lloyd, Stuart},
  journal={IEEE transactions on information theory},
  volume={28},
  number={2},
  pages={129--137},
  year={1982},
  publisher={IEEE}
}

@inproceedings{PCA,
  title={Leakage Detection of Steam Boiler Tube in Thermal Power Plant Using Principal Component Analysis},
  author={Yu, Jungwon and Jang, Jaeyel and Yoo, Jaeyeong and Park, June Ho and Kim, Sungshin},
  booktitle={2016 Annual Conference of the Prognostics and Health Management Society}
}


@inproceedings{SVM,
  title={Fault diagnosis of ball bearings using Synchrosqueezed wavelet transforms and SVM},
  author={Wen, Juan and Gao, Hongli and Li, Shichao and Zhang, Li and He, Xiang and Liu, Weixiong},
  booktitle={Prognostics and System Health Management Conference (PHM), 2015},
  pages={1--6},
  year={2015},
  organization={IEEE}
}

@inproceedings{GMM,
  title={Improved adaptive Gaussian mixture model for background subtraction},
  author={Zivkovic, Zoran},
  booktitle={Pattern Recognition, 2004. ICPR 2004. Proceedings of the 17th International Conference on},
  volume={2},
  pages={28--31},
  year={2004},
  organization={IEEE}
}
@article{GMMfit,
  title={On convergence properties of the EM algorithm for Gaussian mixtures},
  author={Xu, Lei and Jordan, Michael I},
  journal={Neural computation},
  volume={8},
  number={1},
  pages={129--151},
  year={1996},
  publisher={MIT Press}
}

@article{HMM,
  title={Hidden Markov models in computational biology: Applications to protein modeling},
  author={Krogh, Anders and Brown, Michael and Mian, I Saira and Sj{\"o}lander, Kimmen and Haussler, David},
  journal={Journal of molecular biology},
  volume={235},
  number={5},
  pages={1501--1531},
  year={1994},
  publisher={Elsevier}
}

@misc{pomegranate,
        author = {Jacob Schreiber},
        title = {pomegranate},
        year = {2016},
        publisher = {GitHub},
        journal = {GitHub repository},
        howpublished = {\url{https://github.com/jmschrei/pomegranate}},
        commit = {enter commit that you used}
}

@inproceedings{yan2015,
  title={On accurate and reliable anomaly detection for gas turbine combustors: A deep learning approach},
  author={Yan, Weizhong and Yu, Lijie},
  booktitle={Proceedings of the annual conference of the prognostics and health management society},
  year={2015}
}
@article{baum-welch,
  title={Hidden Markov models and the Baum-Welch algorithm},
  author={Welch, Lloyd R},
  journal={IEEE Information Theory Society Newsletter},
  volume={53},
  number={4},
  pages={10--13},
  year={2003}
}